<record><leader>00000cas a22000007a 4500</leader><controlfield tag="001">19574772</controlfield><controlfield tag="008">890420d18921911njudn ne      0    0eng d</controlfield><datafield ind1=" " ind2=" " tag="010"><subfield code="a">sn 88071306 </subfield></datafield><datafield ind1=" " ind2=" " tag="040"><subfield code="a">NJW</subfield><subfield code="b">eng</subfield><subfield code="c">NJW</subfield><subfield code="d">OCLCQ</subfield></datafield><datafield ind1=" " ind2=" " tag="042"><subfield code="a">msc</subfield></datafield><datafield ind1="0" ind2="4" tag="245"><subfield code="a">The Observer of Hudson County.</subfield></datafield><datafield ind1="3" ind2="0" tag="246"><subfield code="a">Observer</subfield></datafield><datafield ind1=" " ind2=" " tag="260"><subfield code="a">Hoboken, N.J. :</subfield><subfield code="b">[Observer Pub. Co.]</subfield></datafield><datafield ind1=" " ind2=" " tag="310"><subfield code="a">Daily</subfield></datafield><datafield ind1="1" ind2=" " tag="362"><subfield code="a">Began with Feb. 6 issue; ceased with Jan. 11, 1911 issue.</subfield></datafield><datafield ind1=" " ind2=" " tag="588"><subfield code="a">Description based on: Vol. 13, no. 126 (July 2, 1904).</subfield></datafield><datafield ind1=" " ind2=" " tag="752"><subfield code="a">United States</subfield><subfield code="b">New Jersey</subfield><subfield code="c">Hudson</subfield><subfield code="d">Hoboken.</subfield></datafield><datafield ind1="0" ind2="0" tag="785"><subfield code="t">Hudson observer</subfield><subfield code="w">(DLC)sn 85036006</subfield><subfield code="w">(OCoLC)12742540</subfield></datafield></record>